


@ARTICLE{SamarakoonTWC13,

  author={Samarakoon, Sumudu and others},

  journal={IEEE Trans. Wireless Commun.}, 

  title={Backhaul-Aware Interference Management in the Uplink of Wireless Small Cell Networks}, 

  year={2013},

  volume={12},

  number={11},

  pages={5813-5825},

  doi={10.1109/TWC.2013.092413.130221}}

@INPROCEEDINGS{KeyInforcom2007,

  author={Key, P. and Massoulie, L. and Towsley, D.},

  booktitle={IEEE Conf. Comput. Commun. (IEEE INFO-
COM)}, 

  title={Path Selection and Multipath Congestion Control}, 

  year={2007},

  volume={},

  number={},

  pages={143-151},

  doi={10.1109/INFCOM.2007.25}}


@BOOK{Tsebook05,
  title = {Fundamentals of Wireless Communication.},
  publisher = {Cambridge Univ. Press, UK},
  year = {2005},
  author = {D.~Tse and P.~Viswanath},
  owner = {Ali},
  timestamp = {2014.08.18}
}